@inproceedings{Abdelfattah2016,
    author = {Abdelfattah, Ahmad and Haidar, Azzam and Tomov, Stanimire and
              Dongarra, Jack},
    title = {Performance, Design, and Autotuning of Batched {GEMM} for {GPUs}},
    booktitle = {In Proceedings of the 31st International Conference on High
                 Performance Computing},
    series = {ISC 2016},
    publisher = {Springer},
    year = {2016},
    pages = {21--38}
}

@techreport{sellpreport,
    author = {Anzt, Hartwig and Tomov, Stanimire and Dongarra, Jack},
    title = {Implementing a Sparse Matrix-Vector Product for the
             {SELL-C/SELL-C-$\sigma$} formats on {NVIDIA} {GPUs}},
    institution = {The University of Tennessee at Knoxville},
    year = {2014}
}

@techreport{lawn2016,
    author = {Anzt, H. and Chow, E. and Dongarra, J.},
    title = {On Block-Asynchronous Execution on {GPUs}},
    institution = {LAPACK Working Note},
    year = {2016}
}


@article{parco2017,
    author = {Anzt, Hartwig and Gates, Mark and Dongarra, Jack and Kreutzer,
              Moritz and Wellein, Gerhard and K{\"o}hler, Martin},
    title = {Preconditioned {Krylov} Solvers on {GPUs}},
    publisher = {Elsevier},
    journal = {Parallel Computing},
    year = {2017},
    volume = {68},
    pages = {32-44}
}

@book{barrettemplates,
    author = {Barrett, R. and Berry, M. and Chan, T. F. and Demmel, J. and
              Donato, J. and Dongarra, J. and Eijkhout, V. and Pozo, R. and
              Romine, C. and van der Vorst, H.},
    title = {Templates for the Solution of Linear Systems: Building Blocks for
             Iterative Methods},
    Publisher = {SIAM},
    Year = {1994},
    edition = {2nd}
}

@techreport{garlandspmv,
    author = {Bell, Nathan and Garland, Michael},
    title = {Efficient Sparse Matrix-Vector Multiplication on {CUDA}},
    institution = {NVIDIA Corporation},
    year = {2008}
}

@misc{cusp,
    key = {CUSP: Generic Parallel Algorithms for Sparse Matrix and Graph
           Computations},
    Howpublished = {\url{http://cusplibrary.github.io/}},
    Year = {2014}
}

@article{ufmc,
    author = {Davis, T. A. and Hu, Y.},
    title = {The {University} of {Florida} Sparse Matrix Collection},
    publisher = {ACM},
    journal = {ACM Transactions on Mathematical Software (TOMS)},
    year = {2011},
    volume = {38},
    issue = {1},
    pages = {1--25}
}

@techreport{bblas,
    author = {Dongarra, J. and Duff, I. S. and Gates,M. and Haidar, A. and
              Hammerling, S. and Higham, J. and Hogg, J. and Valero-Lara, P. and
              Relton, D. and Tomov, S. and Zounon, M.},
    institution = {The University of Manchester},
    title = {A Proposed {API} for Batched Basic Linear Algebra Subprograms},
    Year = {2016}
}

@inproceedings{csri,
    needed-for = {2017-coo-spmv},
    author = {Flegar, Goran and Quintana-Ort\'{\i}, Enrique S.},
    title = {Balanced {CSR} Sparse Matrix-Vector Product on Graphics
             Processors},
    booktitle = {Parallel Processing --- 23rd International Conference on
                 Parallel and Distributed Computing},
    series = {Euro-Par 2017},
    publisher = {Springer},
    year = {2017},
    pages = {697-709}
}

@article{sellcs,
    author = {Kreutzer, Moritz and Hager, Georg and Wellein, Gerhard and Fehske,
              Holger and Bishop, Alan R.},
    title = {A Unified Sparse Matrix Data Format for Efficient General Sparse
             Matrix-Vector Multiplication on Modern Processors with Wide {SIMD}
             Units},
    publisher = {SIAM},
    journal = {SIAM Journal on Scientific Computing},
    year = {2014},
    volume = {36},
    issue = {5},
    pages = {C401--C423}
}

@misc{p100,
    Key = {NVIDIA Tesla P100},
    Howpublished = {WP-08019-001\_v01.1},
    Note = {Whitepaper},
    Year = {2016}
}

@misc{cuda8.0,
    needed-for = {2017-coo-spmv},
    Key = {CUDA Toolkit v8.0},
    Howpublished = {\url{https://docs.nvidia.com/cuda/}},
    Year = {2017}
}
