@inproceedings{csr-spmv,
    author = {Flegar, Goran and Quintana-Ort\'{\i}, Enrique S.},
    title = {Balanced {CSR} Sparse Matrix-Vector Product on Graphics
             Processors},
    booktitle = {Proceedings of the 23rd International European Conference on
                 Parallel and Distributed Computing},
    series = {Euro-Par 2017},
    publisher = {Springer},
    year = {2017},
    pages = {697-709}
}

@inproceedings{coo-spmv,
    author = {Flegar, Goran and Anzt, Hartwig},
    title = {Overcoming Load Imbalance for Irregular Sparse Matrices},
    booktitle = {Proceedings of the 7th Workshop on Irregular Applications:
                 Architectures and Algorithms},
    series = {IA3'17},
    publisher = {ACM},
    year = {2017},
    pages = {2:1--2:8}
}

@inproceedings{batched-spmv,
    author = {Anzt, Hartwig and Collins, Gary and Dongarra, Jack and Flegar,
              Goran and Quintana-Ort\'{\i}, Enrique S.},
    title = {Flexible Batched Sparse Matrix-vector Product on {GPUs}},
    booktitle = {Proceedings of the 8th Workshop on Latest Advances in Scalable
                 Algorithms for Large-Scale Systems},
    series = {ScalA'17},
    publisher = {ACM},
    year = {2017},
    pages = {3:1--3:8}
}

@article{gje-block-jacobi,
    author = {Anzt, Hartwig  and Dongarra, Jack and Flegar, Goran and
              Quintana-Ort\'{i}, Enrique S.},
    title = {Variable-Size Batched {Gauss}-{Jordan} Elimination for
             Block-{Jacobi} Preconditioning on Graphics Processors},
    publisher = {Elsevier},
    journal = {Parallel Computing},
    year = {2019},
    volume = {81},
    pages = {131--146}
}

@inbook{gh-block-jacobi,
    author = {Anzt, H. and Dongarra, J. and Flegar, G. and Quintana-Ort\'{\i},
              E. S. and Tom\'as, A. E.},
    title = {Variable-Size Batched Gauss-Huard for Block-Jacobi
             Preconditioning},
    booktitle = {Procedia Computer Science},
    publisher = {Elsevier},
    year = {2017},
    volume = {108},
    pages = {1783--1792}
}

@inproceedings{lu-block-jacobi,
    author = {Anzt, Hartwig  and Dongarra, Jack and Flegar, Goran and
              Quintana-Ort\'{i}, Enrique S.},
    title = {Variable-Size Batched {LU} for Small Matrices and Its Integration
             into Block-{Jacobi} Preconditioning},
    booktitle = {Proceedings of the 46th International Conference on Parallel
                 Processing},
    series = {ICPP'2017},
    publisher = {IEEE},
    year = {2017},
    pages = {91--100}
}

@article{adaptive-block-jacobi,
    author = {Anzt, Hartwig  and Dongarra, Jack and Flegar, Goran and
              Higham, Nicholas J. and Quintana-Ort\'{i}, Enrique S.},
    title = {Adaptive Precision in Block‚Äê{Jacobi} Preconditioning for Iterative
             Sparse Linear System Solvers},
    publisher = {Wiley},
    journal = {Concurrency and Computation: Practice and Experience},
    year = {2019},
    volume = {31},
    number = {6},
    pages = {e4460}
}
