@inproceedings{lapack,
    author = {Anderson, E. and Bai, Z. and Dongarra, J. and Greenbaum, A. and
              McKenney, A. and Du Croz, J. and Hammarling, S. and Demmel, J. and
              Bischof, C. and Sorensen, D.},
    title = {{LAPACK}: A Portable Linear Algebra Library for High-performance
             Computers},
    booktitle = {Proceedings of the 1990 ACM/IEEE Conference on Supercomputing},
    series = {SC '90},
    publisher = {IEEE},
    year = {1990},
    pages = {2--11},
}

@techreport{sellpreport,
    author = {Anzt, Hartwig and Tomov, Stanimire and Dongarra, Jack},
    title = {Implementing a Sparse Matrix-Vector Product for the
             {SELL-C/SELL-C-$\sigma$} formats on {NVIDIA} {GPUs}},
    institution = {The University of Tennessee at Knoxville},
    year = {2014}
}

@techreport{lawn2016,
    author = {Anzt, H. and Chow, E. and Dongarra, J.},
    title = {On Block-Asynchronous Execution on {GPUs}},
    institution = {LAPACK Working Note},
    year = {2016}
}

@article{parco2017,
    author = {Anzt, Hartwig and Gates, Mark and Dongarra, Jack and Kreutzer,
              Moritz and Wellein, Gerhard and K{\"o}hler, Martin},
    title = {Preconditioned {Krylov} Solvers on {GPUs}},
    publisher = {Elsevier},
    journal = {Parallel Computing},
    year = {2017},
    volume = {68},
    pages = {32-44}
}

@book{barrettemplates,
    author = {Barrett, R. and Berry, M. and Chan, T. F. and Demmel, J. and
              Donato, J. and Dongarra, J. and Eijkhout, V. and Pozo, R. and
              Romine, C. and van der Vorst, H.},
    title = {Templates for the Solution of Linear Systems: Building Blocks for
             Iterative Methods},
    Publisher = {SIAM},
    Year = {1994},
    edition = {2nd}
}

@techreport{garlandspmv,
    author = {Bell, Nathan and Garland, Michael},
    title = {Efficient Sparse Matrix-Vector Multiplication on {CUDA}},
    institution = {NVIDIA Corporation},
    year = {2008}
}

@article{ufmc,
    author = {Davis, T. A. and Hu, Y.},
    title = {The {University} of {Florida} Sparse Matrix Collection},
    publisher = {ACM},
    journal = {ACM Transactions on Mathematical Software (TOMS)},
    year = {2011},
    volume = {38},
    issue = {1},
    pages = {1--25}
}

@inproceedings{csri,
    author = {Flegar, Goran and Quintana-Ort\'{\i}, Enrique S.},
    title = {Balanced {CSR} Sparse Matrix-Vector Product on Graphics
             Processors},
    booktitle = {Parallel Processing --- 23rd International Conference on
                 Parallel and Distributed Computing},
    series = {Euro-Par 2017},
    publisher = {Springer},
    year = {2017},
    pages = {697-709}
}

@article{sellcs,
    author = {Kreutzer, Moritz and Hager, Georg and Wellein, Gerhard and Fehske,
              Holger and Bishop, Alan R.},
    title = {A Unified Sparse Matrix Data Format for Efficient General Sparse
             Matrix-Vector Multiplication on Modern Processors with Wide {SIMD}
             Units},
    publisher = {SIAM},
    journal = {SIAM Journal on Scientific Computing},
    year = {2014},
    volume = {36},
    issue = {5},
    pages = {C401--C423}
}

@inproceedings{Liu:2015:CES:2751205.2751209,
    author = {Liu, Weifeng and Vinter, Brian},
    title = {{CSR5}: An Efficient Storage Format for Cross-Platform Sparse
             Matrix-Vector Multiplication},
    booktitle = {Proceedings of the 29th ACM on International Conference on
                 Supercomputing},
    series = {ICS'15},
    publisher = {ACM},
    year = {2015},
    pages = {339--350}
}

@inproceedings{sellc,
    Author = {Monakov, Alexander and Lokhmotov, Anton and Avetisyan, Arutyun},
    Title = {Automatically Tuning Sparse Matrix-Vector Multiplication for {GPU}
             Architectures},
    Booktitle = {Proceedings of the 5th International Conference on High
                 Performance Embedded Architectures and Compilers},
    Series = {HiPEAC'10},
    Publisher = {Springer-Verlag},
    Year = {2010}
}

@misc{cuda8.0,
    Key = {CUDA Toolkit v8.0},
    Howpublished = {\url{https://docs.nvidia.com/cuda/}},
    Year = {2017}
}
