@inproceedings{gje,
    author = {Anzt, Hartwig and Dongarra, Jack and Flegar, Goran and
              Quintana-Ort\'{\i}, Enrique S.},
    title = {Batched {Gauss}-{Jordan} Elimination for Block-{Jacobi}
             Preconditioner Generation on {GPUs}},
    booktitle = {Proceedings of the 8th International Workshop on Programming
                 Models and Applications for Multicores and Manycores},
    series = {PMAM'17},
    publisher = {ACM},
    year = {2017},
    pages = {1--10}
}

@inproceedings{lu,
    author = {Anzt, H. and Dongarra, J. and Flegar, G. and Quintana-Ort\'{i}, E.
              S.},
    title = {Variable-Size Batched {LU} for Small Matrices and Its Integration
             into Block-{Jacobi} Preconditioning},
    booktitle = {Proceedings of the 46th International Conference on Parallel
                 Processing},
    series = {ICPP 2017},
    publisher = {IEEE},
    year = {2017},
    pages = {91--100},
}

@article{ANZT2018,
    author = {Anzt, Hartwig  and Dongarra, Jack and Flegar, Goran and
              Quintana-Ort\'{i}, Enrique S.},
    title = {Variable-Size Batched {Gauss}-{Jordan} Elimination for
             Block-{Jacobi} Preconditioning on Graphics Processors},
    publisher = {Elsevier},
    journal = {Parallel Computing},
    year = {2019},
    volume = {81},
    pages = {131--146}
}

@article{Arioli2008,
    author = {Arioli, M. and Duff, I. S.},
    title = {Using {FGMRES} to Obtain Backward Stability in Mixed Precision},
    publisher = {Kent State University},
    journal = {ETNA. Electronic Transactions on Numerical Analysis [electronic
               only]},
    year = {2008},
    volume = {33},
    pages = {31-44}
}

@book{barrettemplates,
    author = {Barrett, R. and Berry, M. and Chan, T. F. and Demmel, J. and
              Donato, J. and Dongarra, J. and Eijkhout, V. and Pozo, R. and
              Romine, C. and van der Vorst, H.},
    title = {Templates for the Solution of Linear Systems: Building Blocks for
             Iterative Methods},
    publisher = {SIAM},
    year = {1994},
    Edition = {2nd}
}

@article{carson1,
    author = {Carson, Erin and Higham, Nicholas J.},
    title = {A New Analysis of Iterative Refinement and its Application to
             Accurate Solution of Ill-Conditioned Sparse Linear Systems},
    publisher = {SIAM},
    journal = {SIAM Journal on Scientific Computing},
    year = {2017},
    volume = {39},
    issue = {6},
    pages = {A2834-A2856}
}

@article{carson2,
    author={Carson, Erin and Higham, Nicholas J.},
    title={Accelerating the Solution of Linear Systems by Iterative Refinement
           in Three Precisions},
    publisher={SIAM},
    journal={SIAM Journal on Scientific Computing},
    year={2018},
    volume={40},
    issue={2},
    pages={A817--A847}
}

@techreport{jenniferscott,
    author = {Chow, E. and Scott, J.},
    title = {On the Use of Iterative Methods and Blocking for Solving Sparse
             Triangular Systems in Incomplete Factorization Preconditioning},
    institution = {Rutherford Appleton Laboratory},
    year = {2016}
}

@article{ufmc,
    author = {Davis, T. A. and Hu, Y.},
    title = {The {University} of {Florida} Sparse Matrix Collection},
    publisher = {ACM},
    journal = {ACM Transactions on Mathematical Software (TOMS)},
    year = {2011},
    volume = {38},
    issue = {1},
    pages = {1--25}
}

@techreport{Don14,
    author={Dongarra, Jack and Hittinger, Jeffrey and Bell, John and Chacon,
            Luis and Falgout, Robert and Heroux, Michael and Hovland, Paul and
            Ng, Esmond and Webster, Clayton and Wild, Stefan},
    title={Applied Mathematics Research for Exascale Computing},
    institution={U.S. Department of Energy},
    year={2014},
}

@article{duhi92,
    author = {Du Croz, Jeremy J. and Nicholas J. Higham},
    title = {Stability of Methods for Matrix Inversion},
    publisher = {Oxford University Press},
    journal = {IMA Journal of Numerical Analysis},
    year = {1992},
    volume = {12},
    issue = {1},
    pages = {1-19}
}

@techreport{Dur15,
    author = {Duranton, M. and De Bosschere, K. and Cohen, A. and Maebe, J. and
              Munk, H.},
    title = {{HiPEAC} Vision 2015},
    institution = {HiPEAC},
    year = {2015}
}

@book{GVL3,
    author = {Golub, G.H. and Van Loan, C.F.},
    title = {Matrix Computations},
    publisher = {The Johns Hopkins University Press},
    year = {1996},
    edition = {3rd}
}

@article{doi:10.1137/S1064827597323415,
    author = {Golub, Gene H. and Ya, Qiang},
    title = {Inexact Preconditioned Conjugate Gradient Method with Inner-Outer
             Iteration},
    publisher = {SIAM},
    journal = {SIAM Journal on Scientific Computing},
    year = {1999},
    volume = {21},
    issue = {4},
    pages = {1305-1320}
}

@book{higham2,
    author = {Higham, Nicholas J.},
    title = {Accuracy and Stability of Numerical Algorithms},
    publisher = {SIAM},
    year = {2002},
    edition = {2nd}
}

@article{doi:10.1137/060675290,
    author = {Knyazev, Andrew V. and Lashuk, Ilya},
    title = {Steepest Descent and Conjugate Gradient Methods with Variable
             Preconditioning},
    publisher = {SIAM},
    journal = {SIAM Journal on Matrix Analysis and Applications},
    year = {2008},
    Volume = {29},
    issue = {4},
    pages = {1267-1280},
}

@techreport{Lec13,
    author = {Lavignon, J. F. and Lecomber, D. and Phillips, I. and Subirada, F.
              and Bodin, F. and Gonnord, J. and Bassini, S. and Tecchiolli, G.
              and Lonsdale, G. and Pflieger, A. and Andrietti, B. and Lippert,
              T. and Bode, A. and Falter, H. and Blouet, P. and Muggeridge M.},
    title = {{ETP4HPC} Strategic Research Agenda Achieving {HPC} Leadership in
             {Europe}},
    institution = {European Technology Platform for High Performance Computing},
    Year = {2013}
}

@techreport{Luc14,
    author = {Lucas, R. and Bergman, K. and Borkar, S. and Carlson, W. and
              Carrington, L. and Chiu, G. and Colwell, R. and Dally, W. and
              Dongarra, J. and Geist, A. and Grider, G. and Haring, R. and
              Hittinger J. and Hoisie, A. and Klein, D. and Kogge, P. and
              Lethin, R. and Sarkar, V. and Schreiber, R. and Shalf, J. and
              Sterling, T. and Stevens, R.},
    title = {Top Ten Exascale Research Challenges},
    institution = {U.S. Department of Energy},
    year = {2014}
}

@article{notay,
    author = {Notay, Yvan},
    title = {Flexible Conjugate Gradients},
    publisher = {SIAM},
    journal = {SIAM Journal on Scientific Computing},
    year = {2000},
    volume = {22},
    issue = {4},
    pages = {1444-1460},
}

@book{saad,
    author = {Saad, Yousef},
    title = {Iterative Methods for Sparse Linear Systems},
    publisher = {SIAM},
    year = {2003},
    edition = {2nd}
}

@misc{shalf,
    author = {Shalf, J.},
    title = {The Evolution of Programming Models in Response to Energy
             Efficiency Constraints},
    year = {2013},
    howpublished =
    {\url{http://www.oscer.ou.edu/Symposium2013/oksupercompsymp2013_talk_shalf_20131002.pdf}},
    Note = {Slides presented at Oklahoma Supercomputing Symposium 2013},
}
