@book{saad,
    Author = {Saad, Yousef},
    Edition = {2nd},
    Isbn = {0898715342},
    Publisher = {SIAM},
    Title = {Iterative Methods for Sparse Linear Systems},
    Year = {2003}
}

@book{de-boor,
    Author = {de Boor, Carl},
    Edition = {1st},
    Isbn = {978-0-387-95366-3},
    Publisher = {Springer-Verlag New York},
    Title = {A Practical Guide to Splines},
    Year = {1978}
}

@book{demmel,
    Author = {James W. Demmel},
    Publisher = {SIAM},
    Edition = {1st},
    Title = {Applied Numerical Linear Algebra},
    Year = {1997}
}

@article{feast,
  title = {Density-matrix-based algorithm for solving eigenvalue problems},
  author = {Polizzi, Eric},
  journal = {Phys. Rev. B},
  volume = {79},
  issue = {11},
  pages = {115112},
  numpages = {6},
  year = {2009},
  month = {Mar},
  publisher = {American Physical Society},
  doi = {10.1103/PhysRevB.79.115112},
  url = {https://link.aps.org/doi/10.1103/PhysRevB.79.115112}
}

@book{higham,
    Author = {Nicholas J. Higham},
    Edition = {Second},
    Publisher = {SIAM},
    Title = {{Accuracy and Stability of Numerical Algorithms}},
    Year = {2002}
}

@book{exascale-report,
    title = {The opportunities and challenges of exascale computing},
    author = {Steve Ashby and Pete Beckman and Jackie Chen and Phil Colella and
            Bill Collins and Dona Crawford and Jack Dongarra and Doug Kothe and
            Rusty Lusk and Paul Messina and Tony Mezzacappa and Parviz Moin and
            Mike Norman and Robert Rosner and Vivek Sarkar and Andrew Siegel and
            Fred Streitz and Andy White and Margaret Wright},
    year = {2010},
    language = {English (US)},
    series = {http://science.energy.gov/},
    publisher = {U.S. Department of Energy},
}


@book{duff,
    Author = {Iain S. Duff and Al M. Erisman and John K. Reid},
    Publisher = {Clarendon Press},
    Edition = {2nd},
    Title = {Direct Methods for Sparse Matrices},
    Year = {2017}
}

@book{barrettemplates,
    Address = {Philadelphia, PA},
    Author = {R. Barrett and M. Berry and T. F. Chan and J. Demmel and J. Donato and J. Dongarra and V. Eijkhout and R. Pozo and C. Romine and H. Van der Vorst},
    Publisher = {SIAM},
    Title = {Templates for the Solution of Linear Systems: Building Blocks for Iterative Methods, 2nd Edition},
    Year = {1994}
}


@electronic{top500,
    Key = {Top 500},
    Title = {{The Top 500 List, \url{http://www.top.org/}}}}


@misc{paralution,
    Howpublished = {\url{http://www.paralution.com/}},
    Key = {Paralution},
    Title = {{PARALUTION}},
    Year = {2015}
}

@misc{vienna-cl,
    Howpublished = {\url{http://viennacl.sourceforge.net/}},
    Key = {ViennaCl},
    Title = {{{ViennaCL}}},
    Year = {2015}
}

@misc{magma,
    Howpublished = {\url{http://icl.cs.utk.edu/magma/}},
    Key = {Magma},
    Title = {{{MAGMA 2.5.0}}},
    Year = {2019}
}

@misc{ginkgo,
    Howpublished = {\url{https://ginkgo-project.github.io}},
    Key = {Ginkgo},
    Title = {{{Ginkgo}}},
    Year = {2019}
}
