@techreport{SELL-P,
    author = {Anzt, Hartwig and Tomov, Stanimire and Dongarra, Jack},
    title = {Implementing a Sparse Matrix-Vector Product for the
             {SELL-C/SELL-C-$\sigma$} formats on {NVIDIA} {GPUs}},
    institution = {The University of Tennessee at Knoxville},
    year = {2014}
}

@techreport{Bell:SpMV:NVIDIA:2008,
    author = {Nathan Bell and Michael Garland},
    title = {Efficient Sparse Matrix-Vector Multiplication on {CUDA}},
    institution = {NVIDIA Corporation},
    year = {2008},
}

@inproceedings{Buluc:2009:PSM:1583991.1584053,
    author = {Bulu\c{c}, Aydin and Fineman, Jeremy T. and Frigo, Matteo and
              Gilbert, John R. and Leiserson, Charles E.},
    title = {Parallel Sparse Matrix-vector and Matrix-transpose-vector
             Multiplication Using Compressed Sparse Blocks},
    booktitle = {Proceedings of the 21st Annual Symposium on Parallelism in
                 Algorithms and Architectures},
    series = {SPAA'09},
    publisher = {ACM},
    year = {2009},
    pages = {233--244}
} 

@article{Buo15,
    author = {Buono, Daniele and Gunnels, John A. and Que, Xinyu and Checconi,
              Fabio and Petrini, Fabrizio and Tuan, Tai-Ching and Long, Chris},
    title = {Optimizing Sparse Linear Algebra for Large-Scale Graph Analytics},
    publisher = {IEEE},
    journal = {Computer},
    year = {2015},
    volume = {48},
    number = {8},
    pages = {26-34}
}

@book{Davis06,
    author = {Davis, T.},
    title = {Direct Methods for Sparse Linear Systems},
    publisher = {SIAM},
    year = {2006},
    edition = {1st}
}

@article{Kreu14,
    author = {Kreutzer, Moritz and Hager, Georg and Wellein, Gerhard and Fehske,
              Holger and Bishop, Alan R.},
    title = {A Unified Sparse Matrix Data Format for Efficient General Sparse
             Matrix-Vector Multiplication on Modern Processors with Wide {SIMD}
             Units},
    publisher = {SIAM},
    journal = {SIAM Journal on Scientific Computing},
    year = {2014},
    volume = {36},
    number = {5},
    pages = {C401--C423}
}

@book{pagerank,
    author = {Langville, A.N. and Meyer, C.D.},
    title = {Google's PageRank and Beyond: The Science of Search Engine
             Rankings},
    publisher = {Princeton University Press},
    year = {2009}
}

@inproceedings{csr5,
    author = {Liu, Weifeng and Vinter, Brian},
    title = {{CSR5}: An Efficient Storage Format for Cross-Platform Sparse
             Matrix-Vector Multiplication},
    booktitle = {Proceedings of the 29th ACM on International Conference on
                 Supercomputing},
    series = {ICS'15},
    publisher = {ACM},
    year = {2015},
    pages = {339--350}
}

@misc{cusparse,
    key = {cuSPARSE},
    howpublished = {\url{http://docs.nvidia.com/cuda/cusparse/}},
    year = {2017}
}

@book{saad,
    author = {Saad, Yousef},
    title = {Iterative Methods for Sparse Linear Systems},
    publisher = {SIAM},
    year = {2003},
    edition = {2nd}
}

@article{CPE:CPE1658,
    author = {V\'azquez, F. and Fern\'andez, J. J. and Garz\'on, E. M.},
    title = {A New Approach for Sparse Matrix Vector Product on {NVIDIA}
             {GPUs}},
    publisher = {Wiley},
    journal = {Concurrency and Computation: Practice and Experience},
    year = {2011},
    volume = {23},
    number = {8},
    pages = {815--826}
}

@article{bccoo,
    author = {Yan, Shengen and Li, Chao and Zhang, Yunquan and Zhou, Huiyang},
    title = {{yaSpMV}: yet another {SpMV} framework on {GPUs}},
    publisher = {ACM},
    journal = {ACM SIGPLAN Notices - PPoPP'14},
    year = {2014},
    volume = {49},
    number = {8},
    pages = {107--118}
}
