@book{lapack,
    author = {Anderson, E. and Bai, Z. and Bischof, C. and Blackford, L. S. and
              Demmel, J. and Dongarra, J. and Du Croz, J. and Greenbaum, A. and
              Hammarling, S. and McKenney, A. and Sorensen, D.},
    title = {{LAPACK} Users' Guide},
    publisher = {SIAM},
    year = {1999},
    edition = {3rd}
}

@inproceedings{ashes2016,
    author = {Anzt, H. and Dongarra, J. and Kreutzer, M. and Wellein, G. and
              K\"{o}hler, M.},
    title = {Efficiency of General {Krylov} Methods on {GPUs} --- An
             Experimental Study},
    booktitle = {Proceedings of the 2016 IEEE International Parallel and
                 Distributed Processing Symposium Workshops},
    series={IPDPSW'16},
    publisher={IEEE},
    year = {2016},
    pages = {683-691}
}

@inproceedings{gje,
    author = {Anzt, Hartwig and Dongarra, Jack and Flegar, Goran and
              Quintana-Ort\'{\i}, Enrique S.},
    title = {Batched {Gauss}-{Jordan} Elimination for Block-{Jacobi}
             Preconditioner Generation on {GPUs}},
    booktitle = {Proceedings of the 8th International Workshop on Programming
                 Models and Applications for Multicores and Manycores},
    series = {PMAM'17},
    publisher = {ACM},
    year = {2017},
    pages = {1--10}
}

@inbook{gh,
    author = {Anzt, H. and Dongarra, J. and Flegar, G. and Quintana-Ort\'{\i},
              E. S. and Tom\'as, A. E.},
    title = {Variable-Size Batched Gauss-Huard for Block-Jacobi
             Preconditioning},
    booktitle = {Procedia Computer Science},
    publisher = {Elsevier},
    year = {2017},
    volume = {108},
    pages = {1783--1792}
}

@article{blas,
    author = {Blackford, L. Susan and Demmel, James and Dongarra, Jack and Duff,
              Iain and Hammarling, C. Sven and Henry, Greg and Heroux, Michael
              and Kaufman, Linda and Lumsdaine, Andrew and  Petitet, Antoine and
              Pozo, Roldan and Remington, Karin and Whaley, R. Clint},
    title = {An updated set of basic linear algebra subprograms ({BLAS})},
    publisher = {ACM},
    journal = {ACM Transactions on Mathematical Software},
    year = {2002},
    volume = {28},
    issue = {2},
    pages = {135--151}
}

@techreport{jenniferscott,
    author = {Chow, E. and Scott, J.},
    title = {On the Use of Iterative Methods and Blocking for Solving Sparse
             Triangular Systems in Incomplete Factorization Preconditioning},
    institution = {Rutherford Appleton Laboratory},
    year = {2016}
}

@article{ufmc,
    author = {Davis, T. A. and Hu, Y.},
    title = {The {University} of {Florida} Sparse Matrix Collection},
    publisher = {ACM},
    journal = {ACM Transactions on Mathematical Software (TOMS)},
    year = {2011},
    volume = {38},
    issue = {1},
    pages = {1--25}
}

@article{Dek97,
    author = {Dekker, T. J. and Hoffmannm, W. and Potma, K.},
    title = {Stability of the {Gauss}-{Huard} Algorithm with Partial Pivoting},
    publisher = {Springer-Verlag},
    journal = {Computing},
    year = {1997},
    volume = {58},
    issue = {3},
    Pages = {225--244}
}

@book{GVL3,
    author = {Golub, G.H. and Van Loan, C.F.},
    title = {Matrix Computations},
    publisher = {The Johns Hopkins University Press},
    year = {1996},
    edition = {3rd},
}

@article{Hua79,
    author = {Huard, P.},
    title = {La M\'ethode Simplex Sans Inverse Explicite},
    journal = {E.D.F. Bull. de la Direction des \'Etudes at des Recherches},
    year = {1979},
    volume = {2},
    issue = {2},
    pages = {79--98}
}

@misc{magma,
    howpublished = {\url{http://icl.cs.utk.edu/magma/}},
    key = {MAGMA 2.0.0},
    year = {2016}
}

@manual{cuda8.0,
    Key = {CUDA Toolkit v8.0},
    Howpublished = {\url{https://docs.nvidia.com/cuda/}},
    Year = {2017}
}

@book{saad,
    author = {Saad, Yousef},
    title = {Iterative Methods for Sparse Linear Systems},
    publisher = {SIAM},
    year = {2003},
    edition = {2nd}
}
