@article{ANU:10332060,
    author = {Abdelfattah, A. and Anzt, H. and Dongarra, J. and Gates, M. and
              Haidar, A. and Kurzak, J. and Luszczek, P. and Tomov, S. and
              Yamazaki, I. and YarKhan, A.},
    title = {Linear algebra software for large-scale accelerated multicore
             computing},
    publisher = {Cambridge University Press},
    journal = {Acta Numerica},
    year = {2016},
    volume = {25},
    pages = {1--160}
}

@article{Abdelfattah2016119,
    author = {Abdelfattah, A. and Haidar, A. and Tomov, S. and Dongarra, J.},
    title = {Performance Tuning and Optimization Techniques of Fixed and
             Variable Size Batched {Cholesky} Factorization on {GPUs}},
    publisher = {Elsevier},
    journal = {Procedia Computer Science},
    year = {2016},
    volume = {80},
    pages = {119--130},
}

@inproceedings{ashes2016,
    author = {Anzt, H. and Dongarra, J. and Kreutzer, M. and Wellein, G. and
              K\"{o}hler, M.},
    title = {Efficiency of General {Krylov} Methods on {GPUs} --- An
             Experimental Study},
    booktitle = {Proceedings of the 2016 IEEE International Parallel and
                 Distributed Processing Symposium Workshops},
    series={IPDPSW'16},
    publisher={IEEE},
    year = {2016},
    pages = {683-691}
}

@inproceedings{gje,
    author = {Anzt, Hartwig and Dongarra, Jack and Flegar, Goran and
              Quintana-Ort\'{\i}, Enrique S.},
    title = {Batched {Gauss}-{Jordan} Elimination for Block-{Jacobi}
             Preconditioner Generation on {GPUs}},
    booktitle = {Proceedings of the 8th International Workshop on Programming
                 Models and Applications for Multicores and Manycores},
    series = {PMAM'17},
    publisher = {ACM},
    year = {2017},
    pages = {1--10}
}

@article{CPE:CPE2933,
    author = {Benner, Peter and Ezzatti, Pablo and Quintana-Ort\'{\i},
              Enriqueâ€‰S. and Rem\'on, Alfredo},
    title = {Matrix Inversion on {CPU}-{GPU} Platforms With Applications in
             Control Theory},
    publisher = {Wiley},
    journal = {Concurrency and Computation: Practice and Experience},
    year = {2013},
    volume = {25},
    number = {8},
    pages = {1170--1182}
}

@inproceedings{Benner2016,
    author = {Benner, P. and Ezzatti, P. and Quintana-Ort{\'i}, E. S.  and
              Rem{\'o}n, A.},
    title = {Revisiting the {Gauss}-{Huard} Algorithm for the Solution of Linear
             Systems on Graphics Accelerators},
    booktitle = {In Proceeding of the 11th International Conference on Parallel
                 Processing and Applied Mathematics},
    series = {PPAM 2015},
    year = {2016},
    pages = {505--514}
}

@article{jenniferscott,
    author = {Chow, Edmond and Anzt, Hartwig and Scott, Jennifer and Dongarra,
              Jack},
    title = {Using Jacobi Iterations and Blocking for Solving Sparse Triangular
             Systems in Incomplete Factorization Preconditioning},
    publisher = {Elsevier},
    journal = {Journal of Parallel and Distributed Computing},
    year = {2018},
    volume = {119},
    pages = {219--230}
}

@article{ufmc,
    author = {Davis, T. A. and Hu, Y.},
    title = {The {University} of {Florida} Sparse Matrix Collection},
    publisher = {ACM},
    journal = {ACM Transactions on Mathematical Software (TOMS)},
    year = {2011},
    volume = {38},
    number = {1},
    pages = {1--25}
}

@article{Dek97,
    author = {Dekker, T. J. and Hoffmannm, W. and Potma, K.},
    title = {Stability of the {Gauss}-{Huard} Algorithm with Partial Pivoting},
    publisher = {Springer-Verlag},
    journal = {Computing},
    year = {1997},
    volume = {58},
    number = {3},
    Pages = {225--244}
}

@book{GVL3,
    author = {Golub, G.H. and Van Loan, C.F.},
    title = {Matrix Computations},
    publisher = {The Johns Hopkins University Press},
    year = {1996},
    edition = {3rd},
}

@article{Hua79,
    author = {Huard, P.},
    title = {La M\'ethode Simplex Sans Inverse Explicite},
    journal = {E.D.F. Bull. de la Direction des \'Etudes at des Recherches},
    year = {1979},
    volume = {2},
    number = {2},
    pages = {79--98}
}

@misc{magma,
    howpublished = {\url{http://icl.cs.utk.edu/magma/}},
    key = {MAGMA 2.0.0},
    year = {2016}
}

@article{doi:10.1137/S1064827598345679,
    author = {Quintana-Ort\'{\i}, Enrique S. and Quintana-Ort\'{\i}, Gregorio
              and Sun, Xiaobai and van de Geijn, Robert},
    title = {A Note On Parallel Matrix Inversion},
    publisher = {SIAM},
    journal = {SIAM Journal on Scientific Computing},
    year = {2001},
    volume = {22},
    number = {5},
    pages = {1762-1771}
}

@book{saad,
    author = {Saad, Yousef},
    title = {Iterative Methods for Sparse Linear Systems},
    publisher = {SIAM},
    year = {2003},
    edition = {2nd}
}
